<?xml version="1.0" encoding="UTF-8"?>
<record>
  <leader>02039nam#a22005178cb4500</leader>
  <controlfield tag="003">DE-605</controlfield>
  <controlfield tag="005">20250313214956.0</controlfield>
  <controlfield tag="007">tu</controlfield>
  <controlfield tag="008">150312|2015####gw ###########|||#|#eng#c</controlfield>
  <controlfield tag="001">990207214230206441</controlfield>
  <datafield tag="015" ind1=" " ind2=" ">
    <subfield code="a">15,N08</subfield>
    <subfield code="2">dnb</subfield>
  </datafield>
  <datafield tag="016" ind1="7" ind2=" ">
    <subfield code="a">903695355</subfield>
    <subfield code="2">OCoLC</subfield>
  </datafield>
  <datafield tag="016" ind1="7" ind2=" ">
    <subfield code="a">1066784469</subfield>
    <subfield code="2">DE-101b</subfield>
  </datafield>
  <datafield tag="020" ind1=" " ind2=" ">
    <subfield code="a">9783862199228</subfield>
    <subfield code="c">: EUR 29.00 (DE), EUR 29.90 (AT), sfr 39.90 (freier Pr.)</subfield>
    <subfield code="9">978-3-86219-922-8</subfield>
  </datafield>
  <datafield tag="024" ind1="3" ind2=" ">
    <subfield code="a">9783862199228</subfield>
  </datafield>
  <datafield tag="035" ind1=" " ind2=" ">
    <subfield code="a">(DE-605)HT018577816</subfield>
  </datafield>
  <datafield tag="040" ind1=" " ind2=" ">
    <subfield code="a">Kn 28</subfield>
    <subfield code="b">ger</subfield>
    <subfield code="c">DNB</subfield>
    <subfield code="d">DE-605</subfield>
    <subfield code="e">rakddb</subfield>
  </datafield>
  <datafield tag="041" ind1=" " ind2=" ">
    <subfield code="a">eng</subfield>
  </datafield>
  <datafield tag="044" ind1=" " ind2=" ">
    <subfield code="c">XA-DE-HE</subfield>
  </datafield>
  <datafield tag="084" ind1=" " ind2=" ">
    <subfield code="a">200</subfield>
    <subfield code="q">DE-101</subfield>
    <subfield code="2">sdnb</subfield>
  </datafield>
  <datafield tag="245" ind1="0" ind2="0">
    <subfield code="a">Children's voices</subfield>
    <subfield code="b">theological, philosophical and spiritual perspectives</subfield>
  </datafield>
  <datafield tag="263" ind1=" " ind2=" ">
    <subfield code="a">201502</subfield>
  </datafield>
  <datafield tag="264" ind1=" " ind2="1">
    <subfield code="a">Kassel</subfield>
    <subfield code="b">Univ. Pr.</subfield>
    <subfield code="c">2015</subfield>
  </datafield>
  <datafield tag="300" ind1=" " ind2=" ">
    <subfield code="a">167 S. : Ill., graph. Darst.</subfield>
  </datafield>
  <datafield tag="490" ind1="1" ind2=" ">
    <subfield code="a">Beiträge zur Kinder und Jugendtheologie</subfield>
    <subfield code="v">32</subfield>
  </datafield>
  <datafield tag="689" ind1="0" ind2="0">
    <subfield code="a">Kindertheologie</subfield>
    <subfield code="D">s</subfield>
    <subfield code="0">(DE-588)7671722-7</subfield>
    <subfield code="B">GND-996418067</subfield>
  </datafield>
  <datafield tag="689" ind1="1" ind2="0">
    <subfield code="a">Kind</subfield>
    <subfield code="D">s</subfield>
    <subfield code="0">(DE-588)4030550-8</subfield>
    <subfield code="B">GND-040305503</subfield>
  </datafield>
  <datafield tag="689" ind1="1" ind2="1">
    <subfield code="a">Philosophie</subfield>
    <subfield code="D">s</subfield>
    <subfield code="0">(DE-588)4045791-6</subfield>
    <subfield code="B">GND-040457915</subfield>
  </datafield>
  <datafield tag="965" ind1=" " ind2=" ">
    <subfield code="u">https://digitale-objekte.hbz-nrw.de/storage2/2015/04/19/file_17/6104525.pdf</subfield>
  </datafield>
  <datafield tag="035" ind1=" " ind2=" ">
    <subfield code="a">(OCoLC)903695355</subfield>
  </datafield>
  <datafield tag="035" ind1=" " ind2=" ">
    <subfield code="a">(DE-599)DNB1066784469</subfield>
  </datafield>
  <datafield tag="964" ind1="0" ind2="s">
    <subfield code="F">030</subfield>
    <subfield code="A">f||da||||||37</subfield>
  </datafield>
  <datafield tag="964" ind1="0" ind2="s">
    <subfield code="F">050</subfield>
    <subfield code="A">a|a|||||||||||</subfield>
  </datafield>
  <datafield tag="964" ind1="0" ind2="s">
    <subfield code="F">051</subfield>
    <subfield code="A">m|||||||</subfield>
  </datafield>
  <datafield tag="830" ind1=" " ind2="0">
    <subfield code="a">Beiträge zur Kinder und Jugendtheologie</subfield>
    <subfield code="w">(DE-605)HT015866379</subfield>
    <subfield code="v">32</subfield>
    <subfield code="9">O:1</subfield>
  </datafield>
  <datafield tag="856" ind1="4" ind2="2">
    <subfield code="m">X:MVB</subfield>
    <subfield code="q">Basic ASCII</subfield>
    <subfield code="u">http://www.upress.uni-kassel.de/katalog/abstract.php?978-3-86219-922-8</subfield>
    <subfield code="3">Inhaltstext</subfield>
  </datafield>
  <datafield tag="856" ind1="4" ind2="2">
    <subfield code="m">X:MVB</subfield>
    <subfield code="q">text/html</subfield>
    <subfield code="u">http://deposit.dnb.de/cgi-bin/dokserv?id=5149860&amp;prov=M&amp;dok_var=1&amp;dok_ext=htm</subfield>
    <subfield code="3">Inhaltstext</subfield>
  </datafield>
  <datafield tag="856" ind1="4" ind2="2">
    <subfield code="m">B:DE-101</subfield>
    <subfield code="q">application/pdf</subfield>
    <subfield code="u">https://digitale-objekte.hbz-nrw.de/storage2/2015/04/19/file_17/6104525.pdf</subfield>
    <subfield code="3">Inhaltsverzeichnis</subfield>
    <subfield code="9">O:PKN</subfield>
  </datafield>
  <datafield tag="700" ind1="1" ind2=" ">
    <subfield code="a">Freudenberger-Lötz, Petra</subfield>
    <subfield code="d">1966-</subfield>
    <subfield code="0">(DE-588)128623454</subfield>
    <subfield code="4">edt</subfield>
    <subfield code="0">https://d-nb.info/gnd/128623454</subfield>
    <subfield code="0">http://viaf.org/viaf/276828262</subfield>
    <subfield code="B">GND-128623454</subfield>
  </datafield>
  <datafield tag="653" ind1=" " ind2=" ">
    <subfield code="a">children</subfield>
  </datafield>
  <datafield tag="653" ind1=" " ind2=" ">
    <subfield code="a">theology</subfield>
  </datafield>
  <datafield tag="653" ind1=" " ind2=" ">
    <subfield code="a">philosophy</subfield>
  </datafield>
  <datafield tag="653" ind1=" " ind2=" ">
    <subfield code="a">congress</subfield>
  </datafield>
  <datafield tag="653" ind1=" " ind2=" ">
    <subfield code="a">research project</subfield>
  </datafield>
  <datafield tag="653" ind1=" " ind2=" ">
    <subfield code="a">spiritualtity</subfield>
  </datafield>
  <datafield tag="655" ind1=" " ind2="7">
    <subfield code="a">Konferenzschrift</subfield>
    <subfield code="y">2013</subfield>
    <subfield code="z">Trondheim</subfield>
    <subfield code="0">(DE-588)1071861417</subfield>
    <subfield code="2">gnd-content</subfield>
  </datafield>
  <datafield tag="MBD" ind1=" " ind2=" ">
    <subfield code="M">49HBZ_NETWORK</subfield>
    <subfield code="i">990207214230206441</subfield>
    <subfield code="n">HBZ Network</subfield>
  </datafield>
  <datafield tag="MBD" ind1=" " ind2=" ">
    <subfield code="M">49HBZ_EDK</subfield>
    <subfield code="i">990007494820108971</subfield>
    <subfield code="n">Erzbischöfliche Diözesan- und Dombibliothek (EDK) - Bibliothek des Priesterseminars (BPS)</subfield>
  </datafield>
  <datafield tag="MBD" ind1=" " ind2=" ">
    <subfield code="M">49HBZ_UBD</subfield>
    <subfield code="i">991002481609706445</subfield>
    <subfield code="n">Technische Universität Dortmund</subfield>
  </datafield>
  <datafield tag="MBD" ind1=" " ind2=" ">
    <subfield code="M">49HBZ_UBO</subfield>
    <subfield code="i">991013690369706471</subfield>
    <subfield code="n">Universität Bochum</subfield>
  </datafield>
  <datafield tag="MNG" ind1=" " ind2=" ">
    <subfield code="c">System</subfield>
    <subfield code="f">OTHER</subfield>
    <subfield code="i">marc21</subfield>
    <subfield code="h">20240515155006.0</subfield>
    <subfield code="l">65</subfield>
    <subfield code="k">01</subfield>
    <subfield code="e">false</subfield>
    <subfield code="d">2025-03-13 21:49:56 Europe/Berlin</subfield>
    <subfield code="g">020721423-HBZ01</subfield>
    <subfield code="j">60</subfield>
    <subfield code="a">import</subfield>
    <subfield code="b">2021-04-05 22:16:40 Europe/Berlin</subfield>
  </datafield>
  <datafield tag="H52" ind1=" " ind2=" ">
    <subfield code="b">ED001</subfield>
    <subfield code="c">D-M-A</subfield>
    <subfield code="h">Faf 8937</subfield>
    <subfield code="8">2278727470008971</subfield>
  </datafield>
  <datafield tag="HOL" ind1=" " ind2=" ">
    <subfield code="b">2024-09-10 16:24:41</subfield>
    <subfield code="8">2278727470008971</subfield>
    <subfield code="M">49HBZ_EDK</subfield>
    <subfield code="g">false</subfield>
    <subfield code="a">import</subfield>
  </datafield>
  <datafield tag="ITM" ind1=" " ind2=" ">
    <subfield code="H">2278727470008971</subfield>
    <subfield code="x">D-M-A</subfield>
    <subfield code="f">BOOK</subfield>
    <subfield code="v">D-M-A</subfield>
    <subfield code="p">10</subfield>
    <subfield code="X">System</subfield>
    <subfield code="U">2015-03-12 11:59:00 Europe/Berlin</subfield>
    <subfield code="Y">2024-09-10 18:25:55 Europe/Berlin</subfield>
    <subfield code="h">false</subfield>
    <subfield code="n">Faf 8937</subfield>
    <subfield code="M">49HBZ_EDK</subfield>
    <subfield code="s">1</subfield>
    <subfield code="d">#</subfield>
    <subfield code="V">import</subfield>
    <subfield code="b">749482-10</subfield>
    <subfield code="N">Z30-PRICE: 0.00</subfield>
    <subfield code="a">2378727460008971</subfield>
    <subfield code="R">Maintenance count: 001</subfield>
    <subfield code="c">Faf 8937</subfield>
    <subfield code="S">K-B-09/3579</subfield>
    <subfield code="B">K-15/1138</subfield>
    <subfield code="D">20150312</subfield>
    <subfield code="W">2015-03-12 01:00:00 Europe/Berlin</subfield>
    <subfield code="u">ED001</subfield>
    <subfield code="w">ED001</subfield>
  </datafield>
  <datafield tag="H52" ind1="#" ind2=" ">
    <subfield code="b">SM</subfield>
    <subfield code="c">Magazin</subfield>
    <subfield code="8">22198235730006445</subfield>
  </datafield>
  <datafield tag="HOL" ind1=" " ind2=" ">
    <subfield code="d">2023-10-30 18:16:29</subfield>
    <subfield code="8">22198235730006445</subfield>
    <subfield code="b">2021-04-19 15:32:01</subfield>
    <subfield code="M">49HBZ_UBD</subfield>
    <subfield code="g">false</subfield>
    <subfield code="a">import</subfield>
    <subfield code="c">System</subfield>
  </datafield>
  <datafield tag="ITM" ind1=" " ind2=" ">
    <subfield code="H">22198235730006445</subfield>
    <subfield code="x">Magazin</subfield>
    <subfield code="f">BOOK</subfield>
    <subfield code="v">Magazin</subfield>
    <subfield code="X">API, ITMC | Bibs, Users, Configuration</subfield>
    <subfield code="U">2021-04-19 14:00:00 Europe/Berlin</subfield>
    <subfield code="Y">2025-03-29 01:45:47 Europe/Berlin</subfield>
    <subfield code="E">002001653906 29-16-23-4</subfield>
    <subfield code="h">false</subfield>
    <subfield code="n">Bt 12565</subfield>
    <subfield code="G">1</subfield>
    <subfield code="M">49HBZ_UBD</subfield>
    <subfield code="s">1</subfield>
    <subfield code="d">#</subfield>
    <subfield code="V">import</subfield>
    <subfield code="L">ClassificationNo: 400 | SISIS-Magazindrucker: 0 | HBZ01: HT018577816 | Fernleihkonditionen: 0 | Sigel: 290 | Klassifikation: 400 | Altersbegrenzung: 0 | SISIS-Ausleihzähler Migrationsjahr: 0 | SISIS-Ausleihzähler Vor-Migrationsjahr: 0 | SISIS-Ausleihzähler vorletztes Migrationsjahr: 1 | SISIS-Vormerkzähler Migrationsjahr: 0 | SISIS-vorletztes Rückgabedatum: 2016-10-31 | SISIS-Buchdaten-Aufnahmedatum: 2016-01-25</subfield>
    <subfield code="b">50000003784</subfield>
    <subfield code="a">23198235720006445</subfield>
    <subfield code="B">ZB-102326</subfield>
    <subfield code="W">2021-04-19 17:32:01 Europe/Berlin</subfield>
    <subfield code="u">SM</subfield>
    <subfield code="w">SM</subfield>
  </datafield>
  <datafield tag="H52" ind1="8" ind2=" ">
    <subfield code="b">EVTH</subfield>
    <subfield code="c">EVTH_BIB</subfield>
    <subfield code="h">P VI C 897</subfield>
    <subfield code="8">22106804960006471</subfield>
  </datafield>
  <datafield tag="HOL" ind1=" " ind2=" ">
    <subfield code="b">2023-07-30 14:32:44</subfield>
    <subfield code="8">22106804960006471</subfield>
    <subfield code="M">49HBZ_UBO</subfield>
    <subfield code="g">false</subfield>
    <subfield code="a">import</subfield>
  </datafield>
  <datafield tag="ITM" ind1=" " ind2=" ">
    <subfield code="H">22106804960006471</subfield>
    <subfield code="x">EVTH_BIB</subfield>
    <subfield code="f">BOOK</subfield>
    <subfield code="v">EVTH_BIB</subfield>
    <subfield code="p">X</subfield>
    <subfield code="X">AMO_TL2_FIX</subfield>
    <subfield code="U">2023-07-30 12:59:00 Europe/Berlin</subfield>
    <subfield code="Y">2023-07-31 18:08:30 Europe/Berlin</subfield>
    <subfield code="h">false</subfield>
    <subfield code="n">P VI C 897</subfield>
    <subfield code="G">1</subfield>
    <subfield code="M">49HBZ_UBO</subfield>
    <subfield code="s">1</subfield>
    <subfield code="d">8</subfield>
    <subfield code="V">import</subfield>
    <subfield code="L">2.Sig/InvNr: 17/396 | HBZ01: HT018577816 | Anzahl  Beilagen: 1</subfield>
    <subfield code="b">TEMP549936</subfield>
    <subfield code="O">SISIS-Vormerkzähler Migrationsjahr: 0 | SISIS-Buchdaten-Aufnahmedatum: 2017-09-04</subfield>
    <subfield code="N">Sigel: 294/21 | Klassifikation: 0 | SISIS-Ausleihzähler Migrationsjahr: 0</subfield>
    <subfield code="a">23106804930006471</subfield>
    <subfield code="c">P VI C 897</subfield>
    <subfield code="W">2023-07-30 16:32:44 Europe/Berlin</subfield>
    <subfield code="u">EVTH</subfield>
    <subfield code="w">EVTH</subfield>
  </datafield>
  <datafield tag="GPN" ind1="1" ind2=" ">
    <subfield code="a">Freudenberger, Petra</subfield>
    <subfield code="d">1966-</subfield>
    <subfield code="4">nafr</subfield>
    <subfield code="i">Frueherer Name</subfield>
    <subfield code="A">GND</subfield>
    <subfield code="B">GND-128623454</subfield>
    <subfield code="C">400</subfield>
  </datafield>
  <datafield tag="GPN" ind1="1" ind2=" ">
    <subfield code="a">Lötz, Petra Freudenberger-</subfield>
    <subfield code="d">1966-</subfield>
    <subfield code="A">GND</subfield>
    <subfield code="B">GND-128623454</subfield>
    <subfield code="C">400</subfield>
  </datafield>
  <datafield tag="GSI" ind1="7" ind2=" ">
    <subfield code="a">128623454</subfield>
    <subfield code="0">http://d-nb.info/gnd/128623454</subfield>
    <subfield code="2">gnd</subfield>
    <subfield code="A">GND</subfield>
    <subfield code="B">GND-128623454</subfield>
    <subfield code="C">024</subfield>
  </datafield>
  <datafield tag="GST" ind1=" " ind2=" ">
    <subfield code="a">Philosophieren</subfield>
    <subfield code="A">GND</subfield>
    <subfield code="B">GND-040457915</subfield>
    <subfield code="C">450</subfield>
  </datafield>
  <datafield tag="GSI" ind1="7" ind2=" ">
    <subfield code="a">http://d-nb.info/gnd/4045791-6</subfield>
    <subfield code="2">uri</subfield>
    <subfield code="A">GND</subfield>
    <subfield code="B">GND-040457915</subfield>
    <subfield code="C">024</subfield>
  </datafield>
  <datafield tag="GST" ind1=" " ind2=" ">
    <subfield code="a">Kindheit</subfield>
    <subfield code="A">GND</subfield>
    <subfield code="B">GND-040305503</subfield>
    <subfield code="C">450</subfield>
  </datafield>
  <datafield tag="GST" ind1=" " ind2=" ">
    <subfield code="a">Kindesalter</subfield>
    <subfield code="A">GND</subfield>
    <subfield code="B">GND-040305503</subfield>
    <subfield code="C">450</subfield>
  </datafield>
  <datafield tag="GST" ind1=" " ind2=" ">
    <subfield code="a">Kindschaft</subfield>
    <subfield code="A">GND</subfield>
    <subfield code="B">GND-040305503</subfield>
    <subfield code="C">450</subfield>
  </datafield>
  <datafield tag="GST" ind1=" " ind2=" ">
    <subfield code="a">Kinder</subfield>
    <subfield code="A">GND</subfield>
    <subfield code="B">GND-040305503</subfield>
    <subfield code="C">450</subfield>
  </datafield>
  <datafield tag="GSI" ind1="7" ind2=" ">
    <subfield code="a">4030550-8</subfield>
    <subfield code="0">http://d-nb.info/gnd/4030550-8</subfield>
    <subfield code="2">gnd</subfield>
    <subfield code="A">GND</subfield>
    <subfield code="B">GND-040305503</subfield>
    <subfield code="C">024</subfield>
  </datafield>
  <datafield tag="GSI" ind1="7" ind2=" ">
    <subfield code="a">http://d-nb.info/gnd/7671722-7</subfield>
    <subfield code="2">uri</subfield>
    <subfield code="A">GND</subfield>
    <subfield code="B">GND-996418067</subfield>
    <subfield code="C">024</subfield>
  </datafield>
</record>
